INTRODUÇÃO A PROTOCOLOS ---------------------------------

@article{bandyopadhyay2011internet,
  title={Internet of things: Applications and challenges in technology and standardization},
  author={Bandyopadhyay, Debasis and Sen, Jaydip},
  journal={Wireless Personal Communications},
  volume={58},
  number={1},
  pages={49--69},
  year={2011},
  publisher={Springer}
}
@Article{OJIOT_2018v4i1n03_Valim,
	title     = {Middleware Support for Generic Actuation in the Internet of Mobile Things},
	author    = {Sheriton Valim and
				 Matheus Zeitune and
				 Bruno Olivieri and
				 Markus Endler},
	journal   = {Open Journal of Internet Of Things (OJIOT)},
	issn      = {2364-7108},
	year      = {2018},
	volume    = {4},
	number    = {1},
	pages     = {24--34},
	note      = {Special Issue: Proceedings of the International Workshop on Very Large Internet of Things (VLIoT 2018) in conjunction with the VLDB 2018 Conference in Rio de Janeiro, Brazil.},
	url       = {http://nbn-resolving.de/urn:nbn:de:101:1-2018080519322337232186},
	urn       = {urn:nbn:de:101:1-2018080519322337232186},
	publisher = {RonPub},
	bibsource = {RonPub},
	abstract = {As the Internet of Things is expanding towards applications in almost any sector of our economy and daily life, so is the demand of employing and integrating devices with actuation capabilities, such as smart bulbs, HVAC,smart locks, industrial machines, robots or drones. Many middleware platforms have been developed in orderto support the development of distributed IoT applications and facilitate the sensors-to-cloud communication andedge processing capabilities, but surprisingly very little has been done to provide middleware-level, support andgeneric mechanisms for discovering the devices and their interfaces, and executing the actuation commands, i.e.transferring them to the device. In this paper, we present a generic support for actuation as an extension ofContextNet, our mobile-cloud middleware for IoMT. We describe the design of the distributed actuation supportand present a proof of working implementation that enables remote control of a Sphero mobile BB-8 toy.}
}

@article{Atzori:2010,
 author = {Atzori, Luigi and Iera, Antonio and Morabito, Giacomo},
 title = {The Internet of Things: A Survey},
 journal = {Comput. Netw.},
 issue_date = {October, 2010},
 volume = {54},
 number = {15},
 month = oct,
 year = {2010},
 issn = {1389-1286},
 pages = {2787--2805},
 numpages = {19},
 url = {http://dx.doi.org/10.1016/j.comnet.2010.05.010},
 doi = {10.1016/j.comnet.2010.05.010},
 acmid = {1862541},
 publisher = {Elsevier North-Holland, Inc.},
 address = {New York, NY, USA},
 keywords = {Internet of Things, Pervasive computing, RFID systems},
} 

@InCollection{boulic:91,
  author = 	 {R. Boulic and O. Renault},
  title = 	 {3D Hierarchies for Animation},
  booktitle = 	 {New Trends in Animation and Visualization},
  publisher =    {John Wiley {\&} Sons ltd.},
  year = 	 {1991},
  editor = 	 {Nadia Magnenat-Thalmann and Daniel Thalmann}
}

@InCollection{smith:99,
  author = 	 {A. Smith and B. Jones},
  title = 	 {On the Complexity of Computing},
  booktitle = 	 {Advances in Computer Science},
  pages = 	 {555--566},
  publisher =    {Publishing Press},
  year = 	 {1999},
  editor = 	 {A. B. Smith-Jones}
}


@article{ishaq,
  title={Enabling the web of things: facilitating deployment, discovery and resource access to IoT objects using embedded web services},
  author={Ishaq, Isam and Hoebeke, Jeroen and Rossey, Jen and De Poorter, Eli and Moerman, Ingrid and Demeester, Piet},
  journal={International Journal of Web and Grid Services 6},
  volume={10},
  number={2-3},
  pages={218--243},
  year={2014},
  publisher={Inderscience Publishers Ltd}
}

@article{zanella2014protocolo,
  title={Internet of things for smart cities},
  author={Zanella, Andrea and Bui, Nicola and Castellani, Angelo and Vangelista, Lorenzo and Zorzi, Michele},
  journal={IEEE Internet of Things journal},
  volume={1},
  number={1},
  pages={22--32},
  year={2014},
  publisher={IEEE}
}

REFERÊNCIAS COAP ------------------------------------------- 

@article{al-fugaha2015surveyIoT,
  title={Internet of things: A survey on enabling technologies, protocols, and applications},
  author={Al-Fuqaha, Ala and Guizani, Mohsen and Mohammadi, Mehdi and Aledhari, Mohammed and Ayyash, Moussa},
  journal={IEEE Communications Surveys \& Tutorials},
  volume={17},
  number={4},
  pages={2347--2376},
  year={2015},
  publisher={IEEE}
}

@article{caracteristicas2012coap,
  title={Coap: An application protocol for billions of tiny internet nodes},
  author={Bormann, Carsten and Castellani, Angelo P and Shelby, Zach},
  journal={IEEE Internet Computing},
  volume={16},
  number={2},
  pages={62--67},
  year={2012},
  publisher={IEEE}
}

@inproceedings{caracteristicas2012industry,
  title={Industry adoption of the Internet of Things: A constrained application protocol survey},
  author={Lerche, Christian and Hartke, Klaus and Kovatsch, Matthias},
  booktitle={Emerging Technologies \& Factory Automation (ETFA), 2012 IEEE 17th Conference On},
  pages={1--6},
  year={2012},
  organization={IEEE}
}


@article{shelby2014RCF,
  title={The constrained application protocol (CoAP)},
  author={Shelby, Zach and Hartke, Klaus and Bormann, Carsten},
  year={2014}
}

@article{ludovici2013tinycoap,
  title={TinyCoAP: a novel constrained application protocol (CoAP) implementation for embedding RESTful web services in wireless sensor networks based on TinyOS},
  author={Ludovici, Alessandro and Moreno, Pol and Calveras, Anna},
  journal={Journal of Sensor and Actuator Networks},
  volume={2},
  number={2},
  pages={288--315},
  year={2013},
  publisher={Multidisciplinary Digital Publishing Institute}
}

@article{hartke2015observing,
  title={Observing resources in the constrained application protocol (CoAP)},
  author={Hartke, Klaus},
  year={2015}
}

@inproceedings{ludovici2012,
  title={Adding QoS support for timeliness to the observe extension of CoAP},
  author={Ludovici, Alessandro and Garcia, Ernesto and Gimeno, Xavi and Aug{\'e}, A Calveras},
  booktitle={Wireless and Mobile Computing, Networking and Communications (WiMob), 2012 IEEE 8th International Conference On},
  pages={195--202},
  year={2012},
  organization={IEEE}
}

@misc{hivemq,
  author={HIVEMQ},
  title ={MQTT Essentials},
  howpublished = {https://www.hivemq.com/mqttessentials/},
  note = {Acessado em Abril de 2018}
}

@article{mqttEspecificacao,
  title={MQTT version 3.1. 1},
  author={Standard, OASIS},
  journal={URL http://docs. oasis-open. org/mqtt/mqtt/v3},
  volume={1},
  year={2014}
}

Referências Anderson Soares ----------------------------------------------------------------- 
@Book{knuth:84,
  author = 	 {Donald E. Knuth},
  title = 	 {The {\TeX} Book},
  publisher = 	 {Addison-Wesley},
  year = 	 {1984},
  edition = 	 {15th}
}
@Book{knuth:84,
  author = 	 {Donald E. Knuth},
  title = 	 {The {\TeX} Book},
  publisher = 	 {Addison-Wesley},
  year = 	 {1984},
  edition = 	 {15th}
}

@phdthesis{carvalho2017descoberta,
  title={Descoberta Cont{\'\i}nua de Servi{\c{c}}os em IoT},
  author={Carvalho, Felipe Oliveira},
  year={2017},
  school={PUC-Rio}
}

@article{gomes2017middleware,
  title={A Middleware with Comprehensive Quality of Context Support for the Internet of Things Applications},
  author={Gomes, Berto de T{\'a}cio Pereira and Muniz, Luiz Carlos Melo and da Silva e Silva, Francisco Jos{\'e} and dos Santos, Davi Viana and Lopes, Rafael Fernandes and Coutinho, Luciano Reis and Carvalho, Felipe Oliveira and Endler, Markus},
  journal={Sensors},
  volume={17},
  number={12},
  pages={2853},
  year={2017},
  publisher={Multidisciplinary Digital Publishing Institute}
}


@article{zang2007complex,
  title={Complex event processing in enterprise information systems based on RFID},
  author={Zang, Chuanzhen and Fan, Yushun},
  journal={Enterprise Information Systems},
  volume={1},
  number={1},
  pages={3--23},
  year={2007},
  publisher={Taylor \& Francis}
}

@article{barnaghi2012semantics,
  title={Semantics for the Internet of Things: early progress and back to the future},
  author={Barnaghi, Payam and Wang, Wei and Henson, Cory and Taylor, Kerry},
  journal={International Journal on Semantic Web and Information Systems (IJSWIS)},
  volume={8},
  number={1},
  pages={1--21},
  year={2012},
  publisher={IGI Global}
}
@article{atzori2010internet,
  title={The internet of things: A survey},
  author={Atzori, Luigi and Iera, Antonio and Morabito, Giacomo},
  journal={Computer networks},
  volume={54},
  number={15},
  pages={2787--2805},
  year={2010},
  publisher={Elsevier}
}

@article{barbieri2010c,
  title={C-SPARQL: a continuous query language for RDF data streams},
  author={Barbieri, Davide Francesco and Braga, Daniele and Ceri, Stefano and VALLE, EMANUELE DELLA and Grossniklaus, Michael},
  journal={International Journal of Semantic Computing},
  volume={4},
  number={01},
  pages={3--25},
  year={2010},
  publisher={World Scientific}
}
@article{harris2013sparql,
  title={SPARQL 1.1 query language},
  author={Harris, Steve and Seaborne, Andy and Prud’hommeaux, Eric},
  journal={W3C recommendation},
  volume={21},
  number={10},
  year={2013}
}


@article{gruber1993translation,
  title={A translation approach to portable ontology specifications},
  author={Gruber, Thomas R},
  journal={Knowledge acquisition},
  volume={5},
  number={2},
  pages={199--220},
  year={1993},
  publisher={Elsevier}
}
@article{xia2012internet,
  title={Internet of things},
  author={Xia, Feng and Yang, Laurence T and Wang, Lizhe and Vinel, Alexey},
  journal={International Journal of Communication Systems},
  volume={25},
  number={9},
  pages={1101--1102},
  year={2012},
  publisher={Wiley Online Library}
}

@article{gubbi2013internet,
  title={Internet of Things (IoT): A vision, architectural elements, and future directions},
  author={Gubbi, Jayavardhana and Buyya, Rajkumar and Marusic, Slaven and Palaniswami, Marimuthu},
  journal={Future generation computer systems},
  volume={29},
  number={7},
  pages={1645--1660},
  year={2013},
  publisher={Elsevier}
}

@inproceedings{barbieri2009c,
  title={C-SPARQL: SPARQL for continuous querying},
  author={Barbieri, Davide Francesco and Braga, Daniele and Ceri, Stefano and Della Valle, Emanuele and Grossniklaus, Michael},
  booktitle={Proceedings of the 18th international conference on World wide web},
  pages={1061--1062},
  year={2009},
  organization={ACM}
}
@article{barbieri2010querying,
  title={Querying rdf streams with c-sparql},
  author={Barbieri, Davide Francesco and Braga, Daniele and Ceri, Stefano and Valle, Emanuele Della and Grossniklaus, Michael},
  journal={ACM SIGMOD Record},
  volume={39},
  number={1},
  pages={20--26},
  year={2010},
  publisher={ACM}
}

@incollection{gomes2016qoc,
	title={A QoC-aware discovery service for the Internet of Things},
	author={Gomes, Porf{\'\i}rio and Cavalcante, Everton and Batista, Thais and Taconet, Chantal and Chabridon, Sophie and Conan, Denis and Delicato, Flavia C and Pires, Paulo F},
	booktitle={Ubiquitous Computing and Ambient Intelligence},
	pages={344--355},
	year={2016},
	publisher={Springer}
}
@article{paganelli,
	author = {Paganelli, Federica and Parlanti, David},
	year = {2012},
	month = {10},
	pages = {},
	title = {A DHT-Based Discovery Service for the Internet of Things},
	volume = {Vol. 2012, Article ID 107041},
	booktitle = {Journal of Computer Networks and Communications}
}

@article{bassi2008internet,
  title={Internet of Things in 2020: A Roadmap for the Future},
  author={Bassi, Alessandro and Horn, Geir},
  journal={European Commission: Information Society and Media},
  volume={22},
  pages={97--114},
  year={2008}
}

@misc{turck2016internet,
  title={Internet of Things: Are We There Yet},
  author={Turck, Matt},
  year={2016},
  publisher={The}
}

@inproceedings{nahrstedt2016internet,
  title={Internet of mobile things: Mobility-driven challenges, designs and implementations},
  author={Nahrstedt, Klara and Li, Hongyang and Nguyen, Phuong and Chang, Siting and Vu, Long},
  booktitle={Internet-of-Things Design and Implementation (IoTDI), 2016 IEEE First International Conference on},
  pages={25--36},
  year={2016},
  organization={IEEE}
}

@article{gomes2017abordagem,
  title={Uma Abordagem de Middleware com Suporte {\`a} Qualidade de Contexto voltada para Aplica{\c{c}}{\~o}es de Internet das Coisas.},
  author={GOMES, Berto de T{\'a}cio Pereira and others},
  year={2017},
  publisher={Universidade Federal do Maranh{\~a}o}
}

@misc{macaulay2015internet,
  title={Internet of Things in logistics, DHL Trend Research/Cisco Consulting Services},
  author={Macaulay, J and Buckalew, L and Chung, G},
  year={2015}
}

@article{paganelli2012dht,
  title={A DHT-based discovery service for the Internet of Things},
  author={Paganelli, Federica and Parlanti, David},
  journal={Journal of Computer Networks and Communications},
  volume={2012},
  year={2012},
  publisher={Hindawi}
}

@book{cockburn2002agile,
  title={Agile software development},
  author={Cockburn, Alistair},
  volume={177},
  year={2002},
  publisher={Addison-Wesley Boston}
}

@book{fowler1999refactoring,
  title={Refactoring: improving the design of existing code},
  author={Fowler, Martin and Beck, Kent and Brant, John and Opdyke, William and Roberts, Don},
  year={1999},
  publisher={Addison-Wesley Professional}
}

@book{rumbaugh2017unified,
  title={The unified modeling language reference manual},
  author={Rumbaugh, James and Booch, Grady and Jacobson, Ivar},
  year={2017},
  publisher={Addison Wesley}
}

@book{nakagawa2017revisao,
  title={Revis{\~a}o Sistem{\'a}tica da Literatura em Engenharia de Software: Teoria e Pr{\'a}tica},
  author={Nakagawa, Elisa Yumi and Scannavino, K{\'a}tia Romero Felizardo and Fabbri, Sandra Camargo Pinto Ferraz and Ferrari, Fabiano Cutigi},
  year={2017},
  publisher={Elsevier Brasil}
}
@incollection{bechhofer2009owl,
  title={OWL: Web ontology language},
  author={Bechhofer, Sean},
  booktitle={Encyclopedia of Database Systems},
  pages={2008--2009},
  year={2009},
  publisher={Springer}
}

@article{silva2002rdf,
  title={RDF e RDFS na Infra-estrutura de Suporte {\`a} Web Sem{\^a}ntica},
  author={SILVA, Geiza Cristina da and LIMA, Tarc{\'\i}sio de Souza},
  journal={Revista Eletr{\^o}nica de Inicia{\c{c}}{\~a}o Cient{\'\i}fica da Sociedade Brasileira de Computa{\c{c}}{\~a}o. Porto Alegre, Ano II},
  volume={2},
  year={2002}
}

@misc{brinkleyresource,
  title={Resource description framework (RDF) schema specification 1.0. W3C Candidate Recommentation, Mar. 2000},
  author={Brinkley, Dan and Guha, RV}
}
@inproceedings{si2009ontology,
  title={An ontology-based event matching dealing with semantic heterogeneity in Pub/Sub systems},
  author={Si, Wenting and Xue, Xiaoping and Wang, Xiaoping},
  booktitle={Computer Science \& Education, 2009. ICCSE'09. 4th International Conference on},
  pages={1225--1230},
  year={2009},
  organization={IEEE}
}

@inproceedings{zhu2010applying,
  title={Applying semantic web techniques to reservoir engineering: Challenges and experiences from event modeling},
  author={Zhu, Tao and Bakshi, Amol and Prasanna, Viktor K and Gomadam, Karthik},
  booktitle={Information Technology: New Generations (ITNG), 2010 Seventh International Conference on},
  pages={586--591},
  year={2010},
  organization={IEEE}
}


@inproceedings{popescu2010event,
  title={Event management ontology: mechanisms for semantic-driven diagnosis},
  author={Popescu, Manuela and Lorenz, Pascal and Gilg, Marc and Nicod, Jean Marc},
  booktitle={Networking and Services (ICNS), 2010 Sixth International Conference on},
  pages={129--136},
  year={2010},
  organization={IEEE}
}
@inproceedings{liu2010complex,
  title={Complex event processing for sequence data and domain knowledge},
  author={Liu, Junqiang and Guan, Xiaoling},
  booktitle={Mechanic Automation and Control Engineering (MACE), 2010 International Conference on},
  pages={2899--2902},
  year={2010},
  organization={IEEE}
}

@inproceedings{epsparql,
  title={EP-SPARQL: a unified language for event processing and stream reasoning},
  author={Anicic, Darko and Fodor, Paul and Rudolph, Sebastian and Stojanovic, Nenad},
  booktitle={Proceedings of the 20th international conference on World wide web},
  pages={635--644},
  year={2011},
  organization={ACM}
}


@article{csparql,
  title={C-SPARQL: a continuous query language for RDF data streams},
  author={Barbieri, Davide Francesco and Braga, Daniele and Ceri, Stefano and VALLE, EMANUELE DELLA and Grossniklaus, Michael},
  journal={International Journal of Semantic Computing},
  volume={4},
  number={01},
  pages={3--25},
  year={2010},
  publisher={World Scientific}
}

@inproceedings{teymourian2009towards,
  title={Towards semantic event-driven systems},
  author={Teymourian, Kia and Streibel, Olga and Paschke, Adrian and Alnemr, Rehab and Meinel, Christoph},
  booktitle={New Technologies, Mobility and Security (NTMS), 2009 3rd International Conference on},
  pages={1--6},
  year={2009},
  organization={IEEE}
}

@article{schaaf2012semantic,
  title={Semantic complex event processing},
  author={Schaaf, Marc and Grivas, Stella Gatziu and Ackermann, Dennie and Diekmann, Arne and Koschel, Arne and Astrova, Irina},
  journal={Recent Researches in Applied Information Science},
  pages={38--43},
  year={2012}
}

@InCollection{boulic:91,
  author = 	 {R. Boulic and O. Renault},
  title = 	 {3D Hierarchies for Animation},
  booktitle = 	 {New Trends in Animation and Visualization},
  publisher =    {John Wiley {\&} Sons ltd.},
  year = 	 {1991},
  editor = 	 {Nadia Magnenat-Thalmann and Daniel Thalmann}
}

@InCollection{smith:99,
  author = 	 {A. Smith and B. Jones},
  title = 	 {On the Complexity of Computing},
  booktitle = 	 {Advances in Computer Science},
  pages = 	 {555--566},
  publisher =    {Publishing Press},
  year = 	 {1999},
  editor = 	 {A. B. Smith-Jones}
}

@INPROCEEDINGS{6832366, 
author={P. Gupta and A. Singhal}, 
booktitle={Confluence 2013: The Next Generation Information Technology Summit (4th International Conference)}, 
title={Service-oriented model approach to create the web services}, 
year={2013}, 
volume={}, 
number={}, 
pages={424-428}, 
keywords={Web services;service-oriented architecture;software reusability;Web services;dynamic service compositions;reusability;service-oriented methodologies;software application development;Reusability;requirements;service-oriented development;service-oriented methodology;web services}, 
doi={10.1049/cp.2013.2350}, 
ISSN={}, 
month={Sept},}

@INPROCEEDINGS{5501160, 
author={S. Wieczorek and A. Stefanescu}, 
booktitle={2009 5th Central and Eastern European Software Engineering Conference in Russia (CEE-SECR)}, 
title={Service integration: A soft spot in the SOA testing stack}, 
year={2009}, 
volume={}, 
number={}, 
pages={211-216}, 
keywords={Web services;program testing;quality assurance;software architecture;software quality;SOA testing stack;holistic development process;message based communication;semantic service retrieval;service integration;service oriented architectures;software development;software quality assurance;Application software;Communication industry;Computer industry;Europe;Programming;Semiconductor optical amplifiers;Service oriented architecture;Software quality;Software testing;System testing;SOA;message-based communication;service integration;testing}, 
doi={10.1109/CEE-SECR.2009.5501160}, 
ISSN={}, 
month={Oct},}


@INPROCEEDINGS{6308985, 
author={Wangping Xiong and Xianbo Xiao and Ji-cheng Shu and Xian Zhou}, 
booktitle={2012 International Conference on Computer Science and Information Processing (CSIP)}, 
title={Research on service-oriented architecture-based data mining system}, 
year={2012}, 
volume={}, 
number={}, 
pages={844-846}, 
keywords={data mining;data privacy;distributed processing;ontologies (artificial intelligence);service-oriented architecture;user interfaces;SOA;data mining system;distributed heterogeneous environment;domain privacy protection semantic data integration;heterogeneous data integration ontology;privacy policy ontology;service quality;service-oriented architecture;system development process;user process;Heuristic algorithms;Semantics;XML;Data mining;Distributed and heterogeneous;Service-oriented architecture;Systems framework}, 
doi={10.1109/CSIP.2012.6308985}, 
ISSN={}, 
month={Aug},}

@book{BassSoftwareArchitecture2003,
title = {Software Architecture in Practice (2nd Edition)},
author={Len Bass and Paul Clements and Rick Kazman},
year={2003},
publisher={Addison-Wesley Professional},
}

@article{alves2010arquitetura,
  title={Arquitetura Orientada a Servi{\c{c}}os (SOA): Um Estudo de Caso em Sistemas de Informa{\c{c}}{\~a}o Geogr{\'a}ficos},
  author={ALVES DE OLIVEIRA, PEDRO FELIPE and ALVES DE OLIVEIRA, PEDRO and DAVIS JUNIOR, CLODOVEU AUGUSTO},
  journal={Boletim de Ci{\^e}ncias Geod{\'e}sicas},
  volume={16},
  number={2},
  year={2010},
  publisher={Universidade Federal do Paran{\'a}}
}

@book{mcgovern2003java,
  title={Java web services architecture},
  author={McGovern, James and Tyagi, Sameer and Stevens, Michael and Mathew, Sunil},
  year={2003},
  publisher={Morgan Kaufmann}
}

@article{dal2009web,
  title={Web services WS-* versus Web Services REST},
  author={Dal Moro, Tharcis and Dorneles, Carina and Rebonatto, Marcelo Trindade},
  journal={Revista de Inicia{\c{c}}{\~a}o Cient{\'\i}fica},
  volume={11},
  number={1},
  year={2009}
}

@ONLINE {w3csoap2000,
    author = "W3C",
    title  = "Simple Object Access Protocol (SOAP)",
    month  = "dec",
    year   = "2000",
    url    = "http://www.w3.org/TR/2000/NOTE-SOAP-20000508/"
}

@ONLINE {martinstreibel2005,
    author = "Martin Streibel",
    title  = "Implementando Web Services",
    month  = "dec",
    year   = "2005",
    url    = "http://palazzo.pro.br/artigos/martin.html"
}

@book{weerawarana2005web,
  title={Web services platform architecture: SOAP, WSDL, WS-policy, WS-addressing, WS-BPEL, WS-reliable messaging and more},
  author={Weerawarana, Sanjiva and Curbera, Francisco and Leymann, Frank and Storey, Tony and Ferguson, Donald F},
  year={2005},
  publisher={Prentice Hall PTR}
}

@book{fielding2000architectural,
  title={Architectural styles and the design of network-based software architectures},
  author={Fielding, Roy T and Taylor, Richard N},
  year={2000},
  publisher={University of California, Irvine Doctoral dissertation}
}

@misc{Iotivity,
  title = {IoTivity},
  howpublished = {https://www.iotivity.org/},
  note = {Accessed: 2017\-12\-05}
}

@misc{hypercat,
  title = {Hypercat 3.00 Specification},
  howpublished = {http://www.hypercat.io/uploads/1/2/4/4/12443814/hypercat\_specification\_3.00rc1-2016-02-23.pdf},
  note = {Accessed: 12 de Maio de 2017}
}


@misc{himq,
  author={HIVEMQ},
  title ={MQTT Essentials},
  howpublished = {https://www.hivemq.com/mqttessentials/},
  note = {Accessed: 2017\-11\-05}
}


@misc{hypercatsite,
  title = {É HYPERCAT A RESPOSTA A IOT COMUNICAÇÃO BARREIRA?},
  howpublished = {http://cms.parlacom.net/e-hypercat-a-resposta-a-iot-comunicacao-barreira/},
  note = {Accessed: 2017\-11\-05}
}

@inproceedings{chaqfeh2012challenges,
  title={Challenges in middleware solutions for the internet of things},
  author={Chaqfeh, Moumena A and Mohamed, Nader},
  booktitle={Collaboration Technologies and Systems (CTS), 2012 International Conference on},
  pages={21--26},
  year={2012},
  organization={IEEE}
}
@article{souza2004web,
  title={A Web Sem{\^a}ntica e suas contribui{\c{c}}{\~o}es para a ci{\^e}ncia da informa{\c{c}}{\~a}o},
  author={Souza, Renato Rocha and Alvarenga, L{\'\i}dia},
  journal={Ci{\^e}ncia da Informa{\c{c}}{\~a}o},
  volume={33},
  number={1},
  year={2004},
  publisher={SciELO Brasil}
}

@article{dias2013web,
  title={Web sem{\^a}ntica: conceitos b{\'a}sicos e tecnologias associadas},
  author={Dias, Tatiane Domingos and Santos, Neide},
  journal={Cadernos do IME-S{\'e}rie Inform{\'a}tica},
  volume={14},
  pages={80--92},
  year={2013}
}

@article{koivunen2001w3c,
  title={W3c semantic web activity},
  author={Koivunen, Marja-Riitta and Miller, Eric},
  journal={Semantic Web Kick-Off in Finland},
  pages={27--44},
  year={2001}
}

@article{delicato2005middleware,
  title={Middleware baseado em servi{\c{c}}os para redes de sensores sem fio},
  author={Delicato, Fl{\'a}via Coimbra},
  journal={PhD Thesis, Federal University of Rio de Janeiro, Brazil},
  year={2005}
}

@incollection{nagy2009challenges,
  title={Challenges of middleware for the internet of things},
  author={Nagy, Michal and Katasonov, Artem and Khriyenko, Oleksiy and Nikitin, Sergiy and Szydlowski, Michal and Terziyan, Vagan},
  booktitle={Automation Control-Theory and Practice},
  year={2009},
  publisher={InTech}
}

@misc{webthing,
  title = {Web Thing Model},
  howpublished = {https://www.w3.org/Submission/wot-model/},
  note = {Accessed: 2017-11-05}
}

@article{world2014json,
  title={JSON-LD 1.0: a JSON-based serialization for linked data},
  author={World Wide Web Consortium and others},
  year={2014},
  publisher={World Wide Web Consortium}
}

@article{crockford2006application,
  title={The application/json media type for javascript object notation (json)},
  author={Crockford, Douglas},
  year={2006}
}

@article{rottaestudo,
  title={Um Estudo sobre Protocolos de Comunica{\c{c}} ao para Ambientes de Internet das Coisas},
  author={Rotta, Giovanni and Charao, Andrea and Dantas, Mario}
}

@article{bormann2012coap,
  title={Coap: An application protocol for billions of tiny internet nodes},
  author={Bormann, Carsten and Castellani, Angelo P and Shelby, Zach},
  journal={IEEE Internet Computing},
  volume={16},
  number={2},
  pages={62--67},
  year={2012},
  publisher={IEEE}
}

@article{zeindintecnologia,
  title={A Tecnologia do Futuro Wi-Fi (Wireless Fidelity).},
  author={ZEINDIN, DENISE CARLA A and DALFOVO, DR OSCAR and DE AZAMBUJA, RICARDO ALENCAR and DIAS, PAULO ROBERTO}
}

@article{debluetooth,
  title={Bluetooth--Caracter{\'\i}sticas, protocolos e funcionamento},
  author={de Siqueira, Thiago Senador}
}
@article{bonattobluetooth,
  title={Bluetooth Technology (IEEE 802.15)},
  author={Bonatto, Aur{\'e}lio and Canto, DO},
  journal={Rio Grande do Sul: PUCRS},
  year={2007}
}

@article{raza2017low,
  title={Low power wide area networks: An overview},
  author={Raza, Usman and Kulkarni, Parag and Sooriyabandara, Mahesh},
  journal={IEEE Communications Surveys \& Tutorials},
  volume={19},
  number={2},
  pages={855--873},
  year={2017},
  publisher={IEEE}
}

@article{centenaro2016long,
  title={Long-range communications in unlicensed bands: The rising stars in the IoT and smart city scenarios},
  author={Centenaro, Marco and Vangelista, Lorenzo and Zanella, Andrea and Zorzi, Michele},
  journal={IEEE Wireless Communications},
  volume={23},
  number={5},
  pages={60--67},
  year={2016},
  publisher={IEEE}
}

@techreport{de2004visao,
  title={Uma Vis{\~a}o da Web Sem{\^a}ntica},
  author={de Lima, J{\'u}nio C{\'e}sar and de Carvalho, Cedric L},
  year={2004},
  institution={Technical Report INF\_001/94, Instituto de Inform{\'a}tica-Universidade Federal de Goi{\'a}s}
}

@article{garciatecnologias,
  title={Tecnologias Emergentes de Conectividade na IoT: Estudo de Redes LPWAN},
  author={Garcia, Paulo S{\'e}rgio Rangel and Kleinschmidt, Jo{\~a}o Henrique}
}

@inproceedings{johnson2004hardware,
  title={Hardware and software implications of creating Bluetooth Scatternet devices},
  author={Johnson, David},
  booktitle={AFRICON, 2004. 7th AFRICON Conference in Africa},
  volume={1},
  pages={211--215},
  year={2004},
  organization={IEEE}
}

@article{bluetooth2010bluetooth,
  title={Bluetooth core specification version 4.0},
  author={Bluetooth, SIG},
  journal={Specification of the Bluetooth System},
  year={2010}
}

@article{bisdikian2001overview,
  title={An overview of the Bluetooth wireless technology},
  author={Bisdikian, Chatschik},
  journal={IEEE Communications magazine},
  volume={39},
  number={12},
  pages={86--94},
  year={2001},
  publisher={IEEE}
}

@article{sanchez2016state,
  title={State of the art in LP-WAN solutions for industrial IoT services},
  author={Sanchez-Iborra, Ramon and Cano, Maria-Dolores},
  journal={Sensors},
  volume={16},
  number={5},
  pages={708},
  year={2016},
  publisher={Multidisciplinary Digital Publishing Institute}
}

@article{ferris2007wifi,
  title={WiFi-SLAM using Gaussian process latent variable models},
  author={Ferris, Brian D and Fox, Dieter and Lawrence, Neil},
  year={2007}
}

@article{santosinternet,
  title={Internet das Coisas: da Teoria {\`a} Pr{\'a}tica},
  author={Santos, Bruno P and Silva, Lucas AM and Celes, Clayson SFS and Borges, Jo{\~a}o B and Neto, Bruna S Peres and Vieira, Marcos Augusto M and Vieira, Luiz Filipe M and Goussevskaia, Olga N and Loureiro, Antonio AF}
}

@article{kaisercontribuiccao,
  title={Uma Contribui{\c{c}}{\~a}o ao Gerenciamento de Recursos de Sensoriamento e Atua{\c{c}}{\~a}o no Middleware EXEHDA Direcionado {\`a} Internet das Coisas},
  author={Kaiser Filho, Huberto and Joao, L and Carvalho, Tain{\~a} R and Davet, P and Yamin, A},
  journal={Anais da Escola Regional de Alto Desempenho do Estado do Rio Grande do Sul}
}

@article{dasimulacao,
  title={SIMULACAO DE UMA REDE SDN COM CONTROLADORES DISTRIBU{\'I}DOS PARA SUPORTE AO INTENSO TRAFEGO DE DADOS DENTRO DA IoT},
  author={da Silva, Lucas Soares}
}

@article{brand2010ubiservices,
  title={Ubiservices: um modelo para administra{\c{c}}{\~a}o de servi{\c{c}}os em ambientes ub{\'\i}quos},
  author={Brand, Gustavo Bervian},
  year={2010},
  publisher={Universidade do Vale do Rio do Sinos}
}

@article{coelhonxnetwork,
  title={NXNetwork: um framework para jogos em rede no iPhone},
  author={Coelho, Eduardo and Piva, George Ruberti and Gomes, Paulo C{\'e}sar Rodacki and dos Reis, Dalton Solano}
}

@misc{Iotivity6,
  author={HIVEMQ},
  title ={Open Source IoT Standards IoTivity and AllJoyn Merge},
  howpublished = {https://securityledger.com/2016/10/open-source-iot-standards-iotivity-and-alljoyn-merge/},
  note = {Accessed 25 de maio de 2015}
}



@INPROCEEDINGS{Abreu,
  author = 	 {M. Abreu},
  title = 	 {Revolucionando a Indústria},
  booktitle = 	 {Revista Computação Brasil},
  pages = 	 {50--53},
  year = 	 {2015},
}

@INPROCEEDINGS{6836602, 
author={A. S. Okure and J. Z. Pan}, 
booktitle={2013 International Conference on Advanced Computer Science Applications and Technologies}, 
title={Querying EL Ontology Stream with C-SPARQL}, 
year={2013}, 
volume={}, 
number={}, 
pages={337-340}, 
keywords={knowledge representation;ontologies (artificial intelligence);query processing;semantic Web;EL ontology stream;OWL EL ontological streams;RDF format;continuous SPARQL query;knowledge management technology;knowledge representation language;semantic Web;Cognition;Engines;OWL;Ontologies;Resource description framework;Semantics;Continuous SPARQL;Ontology Stream;Reasoning}, 
doi={10.1109/ACSAT.2013.73}, 
ISSN={}, 
month={Dec},}

@article{bandyopadhyay2011role,
  title={Role of middleware for internet of things: A study},
  author={Bandyopadhyay, Soma and Sengupta, Munmun and Maiti, Souvik and Dutta, Subhajit},
  journal={International Journal of Computer Science and Engineering Survey},
  volume={2},
  number={3},
  pages={94--105},
  year={2011},
  publisher={Academy \& Industry Research Collaboration Center(AIRCC)}
}


@article{david2013dds,
  title={A DDS-based middleware for scalable tracking, communication and collaboration of mobile nodes},
  author={David, Lincoln and Vasconcelos, Rafael and Alves, Lucas and Andr{\'e}, Rafael and Endler, Markus},
  journal={Journal of Internet Services and Applications},
  volume={4},
  number={1},
  pages={1},
  year={2013},
  publisher={Springer London}
}

@article{pardo2005introduction,
  title={An introduction to DDS and data-centric communications},
  author={Pardo-Castellote, Gerardo and Farabaugh, Bert and Warren, Rick},
  journal={Real-Time Innovations},
  year={2005}
}

	
@inproceedings{bonomi2012fog,
  title={Fog computing and its role in the internet of things},
  author={Bonomi, Flavio and Milito, Rodolfo and Zhu, Jiang and Addepalli, Sateesh},
  booktitle={Proceedings of the first edition of the MCC workshop on Mobile cloud computing},
  pages={13--16},
  year={2012},
  organization={ACM}
}	

@article{weber2010internet,
  title={Internet of Things--New security and privacy challenges},
  author={Weber, Rolf H},
  journal={Computer Law \& Security Review},
  volume={26},
  number={1},
  pages={23--30},
  year={2010},
  publisher={Elsevier}
}


@article{itu2005internet,
  title={ITU Internet Reports 2005: The Internet of Things},
  author={International Telecommunication Union - ITU},
  volume={7th edition},
  year={2005},
  publisher={ITU}
}

@inproceedings{loureiro2003redes,
  title={Redes de sensores sem fio},
  author={Loureiro, Antonio AF and Nogueira, Jos{\'e} Marcos S and Ruiz, Linnyer Beatrys and Mini, Raquel Aparecida de Freitas and Nakamura, Eduardo Freire and Figueiredo, Carlos Maur{\i}cio Ser{\'o}dio},
  booktitle={Simp{\'o}sio Brasileiro de Redes de Computadores (SBRC)},
  pages={179--226},
  year={2003},
  organization={sn}
}

@article{culler2004redes,
  title={Overview of Sensor networks},
  author={Culler, David and Estrin, Deborah and Srivastava, Mani},
  year={2004},
  publisher={IEEE Computer Society}
}

@inproceedings{talavera2015mobile,
  title={The Mobile Hub Concept: Enabling applications for the Internet of Mobile Things},
  author={Talavera, Luis E and Endler, Markus and Vasconcelos, Igor and Vasconcelos, Rafael and Cunha, M and e Silva, Francisco J da Silva},
  booktitle={Pervasive Computing and Communication Workshops (PerCom Workshops), 2015 IEEE International Conference on},
  pages={123--128},
  year={2015},
  organization={IEEE}
}

@book{SOARES2012,
  author = 	 {SOARES, L. F. G. and BARBOSA, S. D. J.},
  title = 	 {Programando em NCL 3.0- Desenvolvimento de aplica\c{c}\~{o}es para o middleware ginga},
  publisher = 	 {Rio de Janeiro: Puc-rio},
  year = 	 {2012},
  edition = 	 {2 ed},
  pages = {549}
}

@book{SCHILLER,
  author = 	 {SHILLER, J. H.},
  title = 	 {Mobile Communications},
  publisher = 	 {London: Pearson Education},
  year = 	 {2003},
  edition = 	 {2 ed},
  pages = {549}
}

@book{thompson2005,
  author = 	 {Thompson, M. S. and Midkiff, S. F},
  title = 	 {Service description for pervasive service discovery},
  publisher = 	 {Proceedings of IEEE International Conference on Distributed Computing
Systems Workshops (ICDCSW’05)},
  year = 	 {2005}
}

@INPROCEEDINGS{EC, 
author={M. Bouaziz and A. Rachedi and A. Belghith}, 
booktitle={2017 14th IEEE Annual Consumer Communications Networking Conference (CCNC)}, 
title={EC-MRPL: An energy-efficient and mobility support routing protocol for Internet of Mobile Things}, 
year={2017}, 
volume={}, 
number={}, 
pages={19-24}, 
doi={10.1109/CCNC.2017.7983074}, 
ISSN={}, 
month={Jan},}

@misc{Berto2016,
author = {Gomes, Berto},
title = {{Uma Abordagem de Middleware para o Provisionamento de Qualidade de Contexto Voltada para Aplicações da Internet das Coisas}},
school={UFMA},
year={2016},
note={Proposta de Tese de Doutorado, UFMA, PPGEE}
}


@misc{joseDescoberta,
author = {José Viterbo},
title = {{Descoberta de Serviços em Ambientes de Computação Ubíqua}},
school={PUC-RJ},
note={Proposta de Tese de Doutorado, UFMA, PPGEE}
}


@book{Aquino2015,
author = 	 {A. Aquino},
  title = 	 {Sensores conectados em rede},
  publisher = 	 {Revista Computação Brasil},
  year = 	 {2003},
  pages = {549}
}

@INPROCEEDINGS{IomT, 
author={K. Nahrstedt and H. Li and P. Nguyen and S. Chang and L. Vu}, 
booktitle={2016 IEEE First International Conference on Internet-of-Things Design and Implementation (IoTDI)}, 
title={Internet of Mobile Things: Mobility-Driven Challenges, Designs and Implementations}, 
year={2016}, 
volume={}, 
number={}, 
pages={25-36}, 
keywords={Internet of Things;cyber-physical systems;mobile computing;Internet of Mobile Things;cyber-physical infrastructures;interconnected sensors;mobile devices;smart buildings;smart environments;smart grid;smart transportation;Context;Data collection;Mobile communication;Mobile handsets;Security;Sensors;Vehicles}, 
doi={10.1109/IoTDI.2015.41}, 
ISSN={}, 
month={April},}

@ARTICLE{SANTANNA,
  author = {SANT'ANNA, F. et al},
  title = {Desenvolvimento de Aplica\c{c}\~{o}es Declarativas para TV Digital no Middleware Ginga com Objetos Imperativos NCLua},
  year = {2009},
  journal = {Webmedia}
}

@ARTICLE{SOARES2007,
  author = {SOARES, L. F. G. and FILHO, G. L. S.},
  title = {Interactive Television in Brazil: System Software and the Digital Divide},
  year = {2007},
  journal = {Webmedia}
}

@ARTICLE{SOARES2007B,
  author = {SOARES, L. F. G. and RODRIGUES, R. F.  and  MORENO, M. F.},
  title = {Ginga-NCL: the declarative environment of the Brazilian digital TV system},
  year = {2007},
  journal = {Journal of the Brazilian Computer Society}
}

@ARTICLE{NETO2009,
  author = {NETO, C. S. S. and SOARES, L. F. G.},
  title = {Re\'{u}so e Importa\c{c}\~{a}o em Nested Context Language},
  year = {2009},
  journal = {Webmedia}
}

@misc{IBGE,
  author = {IBGE},
  title = {Vamos conhecer o Brasil},
  howpublished = {http://7a12.ibge.gov.br/vamos-conhecer-o-brasil/nosso-povo/familias-e-domicilios.html},
  note = {Accessed: 2016\-06\-10},
   year = {2014}
}

@misc{protocolo2014,
  author = {Eduardo Prado},
  year = {2014},
  title = {Internet das Coisas: Uma “Babel” de Protocolos!},
  howpublished = {http://convergenciadigital.uol.com.br/cgi/cgilua.exe/sys/start.htm?UserActiveTemplate=site&infoid=37911&sid=15},
  note = {Accessed: 2017\-11\-29}
}

------------------Middlewares for IoT ------------------

@article{Bandyopadhyay,
author = {Bandyopadhyay, Soma and Sengupta, Munmun and Maiti, Souvik and Dutta, Subhajit},
year = {2011},
month = {08},
pages = {},
title = {Role Of Middleware For Internet Of Things: A Study},
volume = {2},
booktitle = {International Journal of Computer Science & Engineering Survey}
}

@book{delicato2013middleware,
  title={Middleware solutions for the Internet of Things},
  author={Delicato, Fl{\'a}via C and Pires, Paulo F and Batista, Thais},
  year={2013},
  publisher={Springer}
}


@article{paridel2010middleware,
  title={Middleware for the internet of things, design goals and challenges},
  author={Paridel, Koosha and Bainomugisha, Engineer and Vanrompay, Yves and Berbers, Yolande and De Meuter, Wolfgang},
  journal={Electronic Communications of the EASST},
  volume={28},
  year={2010}
}

@article{pires2015,
  title={Plataformas para a Internet das Coisas},
  author={Pires, Paulo F and Delicato, F and Batista, Thais and Barros, Thomaz and Cavalcante, Everton and Pitanga, Marcelo},
  journal={Minicursos SBRC-Simp{\'o}sio Brasileiro de Redes de Computadores e Sistemas Distribu{\'\i}dos},
  year={2015}
}

@article{middlewareSurvey,
  title={Middleware Technologies for Cloud of Things-a survey},
  author={Farahzadi, Amirhossein and Shams, Pooyan and Rezazadeh, Javad and Farahbakhsh, Reza},
  journal={Digital Communications and Networks},
  year={2017},
  publisher={Elsevier}
}



@book{bakker2013OSGI,
  title={Building Modular Cloud Apps with OSGi: Practical Modularity with Java in the Cloud Age},
  author={Bakker, Paul and Ertman, Bert},
  year={2013},
  publisher={" O'Reilly Media, Inc."}
}

@misc{LinkSmart,
  author={LinkSmart},
  title ={Middleware for Networked Embedded Systems},
  howpublished = {https://docs.linksmart.eu/pages/viewpage.action?pageId=2129996},
  note = {Acessado em Abril de 2018}
}

@misc{xively,
  author={LOGMEIN},
  title ={Xively Developer Center},
  howpublished = {https://developer.xively.com/},
  note = {Acessado em Abril de 2018}
}

@incollection{openiot2015,
  title={Openiot: Open source internet-of-things in the cloud},
  author={Soldatos, John and Kefalakis, Nikos and Hauswirth, Manfred and Serrano, Martin and Calbimonte, Jean-Paul and Riahi, Mehdi and Aberer, Karl and Jayaraman, Prem Prakash and Zaslavsky, Arkady and {\v{Z}}arko, Ivana Podnar and others},
  booktitle={Interoperability and open-source solutions for the internet of things},
  pages={13--25},
  year={2015},
  publisher={Springer}
}

@article{ssn2012,
  title={The SSN ontology of the W3C semantic sensor network incubator group},
  author={Compton, Michael and Barnaghi, Payam and Bermudez, Luis and Garc{\'\i}A-Castro, Ra{\'u}L and Corcho, Oscar and Cox, Simon and Graybeal, John and Hauswirth, Manfred and Henson, Cory and Herzog, Arthur and others},
  journal={Web semantics: science, services and agents on the World Wide Web},
  volume={17},
  pages={25--32},
  year={2012},
  publisher={Elsevier}
}

@article{LSM:2012,
	author = {Danh Le-Phuoc and Hoan Quoc Nguyen-Mau and Josiane Xavier Parreira and Manfred Hauswirth},
	title = {A Middleware Framework for Scalable Management of Linked Streams},
	journal = {Web Semantics: Science, Services and Agents on the World Wide Web},
	volume = {16},
	number = {5},
	year = {2012},
	publisher = {Elsevier},
	keywords = {Sensors, Linked Stream Data, Linked Data, Semantic Web, Middleware},
	issn = {1570-8268},
	url = {http://www.websemanticsjournal.org/index.php/ps/article/view/298}
}


@inproceedings{xgsn2014,
  title={XGSN: An Open-source Semantic Sensing Middleware for the Web of Things.},
  author={Calbimonte, Jean-Paul and Sarni, Sofiane and Eberle, Julien and Aberer, Karl},
  booktitle={TC/SSN@ ISWC},
  pages={51--66},
  year={2014}
}

@inproceedings{virtus2012,
  title={The virtus middleware: An xmpp based architecture for secure iot communications},
  author={Conzon, Davide and Bolognesi, Thomas and Brizzi, Paolo and Lotito, Antonio and Tomasi, Riccardo and Spirito, Maurizio A},
  booktitle={Computer communications and networks (ICCCN), 2012 21st international conference on},
  pages={1--6},
  year={2012},
  organization={IEEE}
}

@inproceedings{enablingVirtus2012,
  title={Enabling the IoT paradigm in e-health solutions through the VIRTUS middleware},
  author={Bazzani, Marco and Conzon, Davide and Scalera, Andrea and Spirito, Maurizio A and Trainito, Claudia Irene},
  booktitle={Trust, Security and Privacy in Computing and Communications (TrustCom), 2012 IEEE 11th International Conference on},
  pages={1954--1959},
  year={2012},
  organization={IEEE}
}

@INPROCEEDINGS{MODE2017, 
author={W. He and J. Zhang and M. Ma and P. Wang}, 
booktitle={2017 IEEE 23rd International Conference on Parallel and Distributed Systems (ICPADS)}, 
title={MODE: A Context-Aware IoT Middleware Supporting On-Demand Deployment for Mobile Devices}, 
year={2017}, 
volume={}, 
number={}, 
pages={81-88}, 
keywords={Context-aware services;Libraries;Middleware;Runtime;Sensors;Servers;Task analysis;IoT;middleware;mobile devices;on-demand deployment;scalability}, 
doi={10.1109/ICPADS.2017.00022}, 
ISSN={1521-9097}, 
month={Dec},}

@inproceedings{compaas:2015,
 author = {Amaral, Leonardo Albernaz and Tiburski, Ram\~{a}o Tiago and de Matos, Everton and Hessel, Fabiano},
 title = {Cooperative Middleware Platform As a Service for Internet of Things Applications},
 booktitle = {Proceedings of the 30th Annual ACM Symposium on Applied Computing},
 series = {SAC '15},
 year = {2015},
 isbn = {978-1-4503-3196-8},
 location = {Salamanca, Spain},
 pages = {488--493},
 numpages = {6},
 url = {http://doi.acm.org/10.1145/2695664.2695799},
 doi = {10.1145/2695664.2695799},
 acmid = {2695799},
 publisher = {ACM},
 address = {New York, NY, USA},
 keywords = {IoT, applications, cooperative systems, middleware platform},
} 




--------- Semântica IoT -----------------------------------


/---- Survey Semantic Pervasive computing ----------/

@article{JuanSemantic2015,
title = "Semantic web technologies in pervasive computing: A survey and research roadmap",
journal = "Pervasive and Mobile Computing",
volume = "23",
pages = "1 - 25",
year = "2015",
issn = "1574-1192",
doi = "https://doi.org/10.1016/j.pmcj.2014.12.009",
url = "http://www.sciencedirect.com/science/article/pii/S1574119214001989",
author = "Juan Ye and Stamatia Dasiopoulou and Graeme Stevenson and Georgios Meditskos and Efstratios Kontopoulos and Ioannis Kompatsiaris and Simon Dobson",
keywords = "Ontologies, Pervasive computing, Streaming query, Uncertainty reasoning, Context awareness"
}

/ ------------- the semantic web
@article{bernersSemantic2001,
  title={The semantic web},
  author={Berners-Lee, Tim and Hendler, James and Lassila, Ora},
  journal={Scientific american},
  volume={284},
  number={5},
  pages={34--43},
  year={2001},
  publisher={JSTOR}
}


/------ especificação RDF --------------------------
@article{cyganiak2014rdf,
  title={RDF 1.1 concepts and abstract syntax},
  author={Cyganiak, Richard and Wood, David and Lanthaler, Markus and Klyne, Graham and Carroll, Jeremy J and McBride, Brian},
  journal={W3C recommendation},
  volume={25},
  number={02},
  year={2014}
}

/------------- Ontologia -------------

@article{ierc2013iot,
  title={IoT semantic interoperability: research challenges, best practices, recommendations and next steps},
  author={IERC, AC},
  journal={European Commission Information Society and Media, Tech. Rep},
  volume={8},
  year={2013}
}
@article{ganz2015practical,
  title={A practical evaluation of information processing and abstraction techniques for the internet of things},
  author={Ganz, Frieder and Puschmann, Daniel and Barnaghi, Payam and Carrez, Francois},
  journal={IEEE Internet of Things journal},
  volume={2},
  number={4},
  pages={340--354},
  year={2015},
  publisher={IEEE}
}



@article{gruber1993translation,
  title={A translation approach to portable ontology specifications},
  author={Gruber, Thomas R},
  journal={Knowledge acquisition},
  volume={5},
  number={2},
  pages={199--220},
  year={1993},
  publisher={Elsevier}
}

@article{perez2009sparql,
  title={Semantics and complexity of SPARQL},
  author={P{\'e}rez, Jorge and Arenas, Marcelo and Gutierrez, Claudio},
  journal={ACM Transactions on Database Systems (TODS)},
  volume={34},
  number={3},
  pages={16},
  year={2009},
  publisher={ACM}
}

@book{breitman2007RDF,
  title={Semantic web: concepts, technologies and applications},
  author={Breitman, Karin and Casanova, Marco Antonio and Truszkowski, Walt},
  year={2007},
  publisher={Springer Science \& Business Media}
}

@article{gandon2014rdfXml,
  title={Rdf 1.1 xml syntax},
  author={Gandon, Fabien and Schreiber, A Th},
  journal={W3C recommendation},
  year={2014},
  publisher={World-Wide Web Consortium}
}


@article{carothers2014nQuads,
  title={RDF 1.1 N-Quads: A line-based syntax for RDF datasets},
  author={Carothers, Gavin},
  journal={W3C Recommendation},
  volume={25},
  year={2014}
}

@article{jsonLd2014,
  title={JSON-LD 1.0: a JSON-based serialization for linked data},
  author={World Wide Web Consortium and others},
  year={2014},
  publisher={World Wide Web Consortium}
}

@article{nTriples2014rdf,
  title={RDF 1.1 N-Triples: A line-based syntax for an RDF graph},
  author={Carothers, Gavin and Seaborne, Andy},
  journal={World Wide Web Consortium. http://www. w3. org/TR/n-triples/. Accessed},
  volume={24},
  year={2014}
}

@article {turtle2014rdf,
  title = {RDF 1.1 Tartaruga},
  autor = {Beckett, David e Berners-Lee, Tim e Prud'hommeaux, Eric e Carothers, Gavin},
  journal = {World Wide Web Consortium},
  ano = {2014}
}

@article{ssn2012,
title = "The SSN ontology of the W3C semantic sensor network incubator group",
journal = "Web Semantics: Science, Services and Agents on the World Wide Web",
volume = "17",
pages = "25 - 32",
year = "2012",
issn = "1570-8268",
doi = "https://doi.org/10.1016/j.websem.2012.05.003",
url = "http://www.sciencedirect.com/science/article/pii/S1570826812000571",
author = "Michael Compton and Payam Barnaghi and Luis Bermudez and Raúl García-Castro and Oscar Corcho and Simon Cox and John Graybeal and Manfred Hauswirth and Cory Henson and Arthur Herzog and Vincent Huang and Krzysztof Janowicz and W. David Kelsey and Danh Le Phuoc and Laurent Lefort and Myriam Leggieri and Holger Neuhaus and Andriy Nikolov and Kevin Page and Alexandre Passant and Amit Sheth and Kerry Taylor",
keywords = "Semantic sensor web, Linked sensor data, Ontologies, Semantic interoperability, Sensor web enablement"
}

@inproceedings{ssn2010stimulus,
  title={The Stimulus-Sensor-Observation Ontology Design Pattern and its Integration into the Semantic Sensor Network Ontology.},
  author={Janowicz, Krzysztof and Compton, Michael},
  booktitle={SSN},
  year={2010}
}

----------------- Semantic Actuator Network --
@misc{sanOntology,
  author={Nicolas Seydoux, Mahdi Ben Alaya, Khalil Drira, Nathalie Hernandez, Thierry Monteil},
  title ={Semantic Actuator Network},
  howpublished = {https://www.irit.fr/recherches/MELODI/ontologies//SAN.html},
  note = {Acessado em julho de 2018}
}

------------- Ontology IoT --------------------

@inproceedings{iotOntology2016,
  title={IoT-O, a core-domain IoT ontology to represent connected devices networks},
  author={Seydoux, Nicolas and Drira, Khalil and Hernandez, Nathalie and Monteil, Thierry},
  booktitle={European Knowledge Acquisition Workshop},
  pages={561--576},
  year={2016},
  organization={Springer}
}

------------ RDF Schema ----------------------

@incollection{bookOntology2004RDFS,
  title={Web ontology language: Owl},
  author={Antoniou, Grigoris and Van Harmelen, Frank},
  booktitle={Handbook on ontologies},
  pages={51--66},
  year={2004},
  publisher={Springer}
}

@misc{rdfSchemaW3C2004,
  title={RDF Schema 1.1},
  author={Brickley, Dan and Guha, Ramanathan V and McBride, Brian},
  journal={W3C recommendation},
  volume={25},
  pages={2004--2014},
  year={2014},
  howpublished = {https://www.w3.org/TR/rdf-schema/},
  note = {Acessado em julho de 2018}
}




------------------- OWL --------------------
@incollection{bookOntology2004OWL,
  title={Web ontology language: Owl},
  author={Antoniou, Grigoris and Van Harmelen, Frank},
  booktitle={Handbook on ontologies},
  pages={67--92},
  year={2004},
  publisher={Springer}
}

@article{especificacao2012owl,
  title={OWL 2 web ontology language document overview},
  author={World Wide Web Consortium and others},
  year={2012},
  publisher={Word Wide Web Consortium}
}

------ ----  DAML+OIL ----------------------
@ARTICLE{daml+oil2002, 
author={D. L. Mcguinness and R. Fikes and J. Hendler and L. A. Stein}, 
journal={IEEE Intelligent Systems}, 
title={DAML+OIL: an ontology language for the Semantic Web}, 
year={2002}, 
volume={17}, 
number={5}, 
pages={72-80}, 
keywords={Internet;computational linguistics;hypermedia markup languages;information resources;knowledge engineering;software agents;DAML+OIL;DARPA Agent Markup Language;Ontology Web Language;Semantic Web;syntax;wine knowledge base;Corporate acquisitions;Educational institutions;Markup languages;Microstrip;Ontologies;Petroleum;Resource description framework;Semantic Web;US Government;XML}, 
doi={10.1109/MIS.2002.1039835}, 
ISSN={1541-1672}, 
month={Sep},}


------------Descoberta de Recursos ------------

@inproceedings{erviçoDeserviceModelling2011,
  title={Service modelling for the Internet of Things},
  author={De, Suparna and Barnaghi, Payam and Bauer, Martin and Meissner, Stefan},
  booktitle={Computer Science and Information Systems (FedCSIS), 2011 Federated Conference on},
  pages={949--955},
  year={2011},
  organization={IEEE}
}


---------- Interoperabilidade Semântica----
@inproceedings{kotis2012interoperability,
  title={Semantic interoperability on the web of things: The semantic smart gateway framework},
  author={Kotis, Konstantinos and Katasonov, Artem},
  booktitle={Complex, Intelligent and Software Intensive Systems (CISIS), 2012 Sixth International Conference on},
  pages={630--635},
  year={2012},
  organization={IEEE}
}

@article{kiljander2014semanticInterop,
  title={Semantic interoperability architecture for pervasive computing and internet of things},
  author={Kiljander, Jussi and D’elia, Alfredo and Morandi, Francesco and Hyttinen, Pasi and Takalo-Mattila, Janne and Ylisaukko-Oja, Arto and Soininen, Juha-Pekka and Cinotti, Tullio Salmon},
  journal={IEEE access},
  volume={2},
  pages={856--873},
  year={2014},
  publisher={IEEE}
}


--------------- raciocínio semântico -----------------

@ARTICLE{MaaralaRaciocinioSemantico2017, 
author={A. I. Maarala and X. Su and J. Riekki}, 
journal={IEEE Internet of Things Journal}, 
title={Semantic Reasoning for Context-Aware Internet of Things Applications}, 
year={2017}, 
volume={4}, 
number={2}, 
pages={461-473}, 
keywords={Internet of Things;inference mechanisms;ubiquitous computing;IoT application;context-aware Internet of Things applications;distributed reasoner;heterogeneous data streams;knowledge acquisition;knowledge integration;knowledge representation;mobile reasoner;semantic reasoning;single reasoner;Cognition;Distributed databases;Internet of things;Ontologies;Resource description framework;Internet of Things (IoT);knowledge representations;reasoning;resource description framework (RDF);semantic technologies}, 
doi={10.1109/JIOT.2016.2587060}, 
ISSN={2327-4662}, 
month={April},}

@inproceedings{benabdessalem2014survey,
  title={A survey on security models, techniques, and tools for the internet of things},
  author={Benabdessalem, Raja and Hamdi, Mohamed and Kim, Tai-Hoon},
  booktitle={Advanced Software Engineering and Its Applications (ASEA), 2014 7th International Conference on},
  pages={44--48},
  year={2014},
  organization={IEEE}
}

@article{leavitt2009complex,
  title={Complex-event processing poised for growth},
  author={Leavitt, Neal},
  journal={Computer},
  number={4},
  pages={17--20},
  year={2009},
  publisher={IEEE}
}

@inproceedings{luckham2008power,
  title={The power of events: An introduction to complex event processing in distributed enterprise systems},
  author={Luckham, David},
  booktitle={International Workshop on Rules and Rule Markup Languages for the Semantic Web},
  pages={3--3},
  year={2008},
  organization={Springer}
}
@inproceedings{gupta2012stock,
  title={Stock market prediction using hidden markov models},
  author={Gupta, Aditya and Dhingra, Bhuwan},
  booktitle={Engineering and Systems (SCES), 2012 Students Conference on},
  pages={1--4},
  year={2012},
  organization={IEEE}
}

@book{etzion2011event,
  title={Event processing in action},
  author={Etzion, Opher and Niblett, Peter and Luckham, David C},
  year={2011},
  publisher={Manning Greenwich}
}

@phdthesis{junior2017dg2cep,
  title={DG2CEP: An On-line Algorithm for Real-time Detection of Spatial Clusters from Large Data Streams through Complex Event Processing},
  author={Junior, Marcos Paulino Roriz},
  year={2017},
  school={PhD thesis, Departamento de Inform{\'a}tica da Pontif{\'\i}cia Universidade Cat{\'o}lica do Rio de Janeiro}
}

@article{chaudhuri2011overview,
  title={An overview of business intelligence technology},
  author={Chaudhuri, Surajit and Dayal, Umeshwar and Narasayya, Vivek},
  journal={Communications of the ACM},
  volume={54},
  number={8},
  pages={88--98},
  year={2011},
  publisher={ACM}
}

@article{yao2011leveraging,
  title={Leveraging complex event processing for smart hospitals using RFID},
  author={Yao, Wen and Chu, Chao-Hsien and Li, Zang},
  journal={Journal of Network and Computer Applications},
  volume={34},
  number={3},
  pages={799--810},
  year={2011},
  publisher={Elsevier}
}

@book{luckham2011event,
  title={Event processing for business: organizing the real-time enterprise},
  author={Luckham, David C},
  year={2011},
  publisher={John Wiley \& Sons}
}

@inproceedings{govindasamy2014prediction,
  title={Prediction of events based on complex event processing and probabilistic fuzzy logic},
  author={Govindasamy, V and Ganesh, R and Nivash, G and Shivaraman, S},
  booktitle={Computation of Power, Energy, Information and Communication (ICCPEIC), 2014 International Conference on},
  pages={494--499},
  year={2014},
  organization={IEEE}
}

@inproceedings{Endler:2011:CCR:2088960.2088962,
 author = {Endler, M. and Baptista, G. and Silva, L. D. and Vasconcelos, R. and Malcher, M. and Pantoja, V. and Pinheiro, V. and Viterbo, J.},
 title = {ContextNet: Context Reasoning and Sharing Middleware for Large-scale Pervasive Collaboration and Social Networking},
 booktitle = {Proceedings of the Workshop on Posters and Demos Track},
 series = {PDT '11},
 year = {2011},
 isbn = {978-1-4503-1073-4},
 location = {Lisbon, Portugal},
 pages = {2:1--2:2},
 articleno = {2},
 numpages = {2},
 url = {http://doi.acm.org/10.1145/2088960.2088962},
 doi = {10.1145/2088960.2088962},
 acmid = {2088962},
 publisher = {ACM},
 address = {New York, NY, USA},
 keywords = {context-awareness, middleware, reasoning, scalability, social networks}
} 

@Article{David2013,
author="David, Lincoln
and Vasconcelos, Rafael
and Alves, Lucas
and Andr{\'e}, Rafael
and Endler, Markus",
title="A DDS-based middleware for scalable tracking, communication and collaboration of mobile nodes",
journal="Journal of Internet Services and Applications",
year="2013",
month="Jul",
day="15",
volume="4",
number="1",
pages="16",
abstract="Applications such as transportation management and logistics, emergency response, environmental monitoring and mobile workforce management employ mobile networks as a means of enabling communication and coordination among a possibly very large set of mobile nodes. The majority of those systems may thus require real-time tracking of the nodes and interaction with all participant nodes as well as a means of adaptability in a very dynamic scenario. In this paper, we present a middleware communication service based on the OMG DDS standard that supports on-line tracking and unicast, groupcast and broadcast with several thousand mobile nodes. We then show a Fleet Tracking and Management application built using or middleware, and present the performance results in LAN and WAN settings to evaluate our middleware in terms of scalability and robustness.",
issn="1869-0238",
doi="10.1186/1869-0238-4-16",
url="https://doi.org/10.1186/1869-0238-4-16"
}

@inproceedings{vasconcelos2015adaptive,
  title={An adaptive middleware for opportunistic mobile sensing},
  author={Vasconcelos, Rafael Oliveira and Talavera, Luis and Vasconcelos, Igor and Roriz, Marcos and Endler, Markus and Gomes, Berto de T{\'a}cio Pereira and e Silva, Francisco Jos{\'e} da Silva},
  booktitle={Distributed Computing in Sensor Systems (DCOSS), 2015 International Conference on},
  pages={1--10},
  year={2015},
  organization={IEEE}
}

@article{COMPTON201225,
title = "The SSN ontology of the W3C semantic sensor network incubator group",
journal = "Web Semantics: Science, Services and Agents on the World Wide Web",
volume = "17",
pages = "25 - 32",
year = "2012",
issn = "1570-8268",
doi = "https://doi.org/10.1016/j.websem.2012.05.003",
url = "http://www.sciencedirect.com/science/article/pii/S1570826812000571",
author = "Michael Compton and Payam Barnaghi and Luis Bermudez and Raúl García-Castro and Oscar Corcho and Simon Cox and John Graybeal and Manfred Hauswirth and Cory Henson and Arthur Herzog and Vincent Huang and Krzysztof Janowicz and W. David Kelsey and Danh Le Phuoc and Laurent Lefort and Myriam Leggieri and Holger Neuhaus and Andriy Nikolov and Kevin Page and Alexandre Passant and Amit Sheth and Kerry Taylor",
keywords = "Semantic sensor web, Linked sensor data, Ontologies, Semantic interoperability, Sensor web enablement"
}

@INPROCEEDINGS{7845470, 
author={R. Agarwal and D. G. Fernandez and T. Elsaleh and A. Gyrard and J. Lanza and L. Sanchez and N. Georgantas and V. Issarny}, 
booktitle={2016 IEEE 3rd World Forum on Internet of Things (WF-IoT)}, 
title={Unified IoT ontology to enable interoperability and federation of testbeds}, 
year={2016}, 
volume={}, 
number={}, 
pages={70-75}, 
keywords={Internet of Things;ontologies (artificial intelligence);open systems;DUL;EU H2020 FIESTA-IoT project;Internet-of-things related ontologies;IoT-lite;M3-lite;SSN;WGS84;semantic interoperability;semantic sensor network;semantic-based technologies;taxonomies;testbed federation;testbed interoperability;unified IoT ontology;Federation;Internet of Things;Interoperability;Ontology;Semantic Web Technologies;Semantic Web of Things;Testbed}, 
doi={10.1109/WF-IoT.2016.7845470}, 
ISSN={}, 
month={Dec},}

@inproceedings{bermudez2016iot,
  title={IoT-Lite: A Lightweight Semantic Model for the Internet of Things.},
  author={Bermudez-Edo, Maria and Elsaleh, Tarek and Barnaghi, Payam M and Taylor, Kerry L},
  booktitle={UIC/ATC/ScalCom/CBDCom/IoP/SmartWorld},
  pages={90--97},
  year={2016}
}

@Book{fowler,
  author = 	 {Martin Fowler},
  title = 	 {Refactoring: Improving the Design of Existing Code},
  edition = {1st},
  publisher = 	 {Addison-Wesley Professional},
  year = 	 {1999},
}

@article{anicic2012stream,
  title={Stream reasoning and complex event processing in ETALIS},
  author={Anicic, Darko and Rudolph, Sebastian and Fodor, Paul and Stojanovic, Nenad},
  journal={Semantic Web},
  volume={3},
  number={4},
  pages={397--407},
  year={2012},
  publisher={IOS Press}
}

@article{danne,
 title={Integrando a Internet das Coisas às Aplicações de TV Digital},
 author={Pereira, Danne Makleyston Gomes and others},
 year={2018},
 publisher={Universidade Federal do Maranh{\~a}o}
}



@Inbook{c,
author="Fensel, Dieter",
title="Ontologies",
bookTitle="Ontologies: A Silver Bullet for Knowledge Management and Electronic Commerce",
year="2001",
publisher="Springer Berlin Heidelberg",
address="Berlin, Heidelberg",
pages="11--18",
abstract="Ontologies were developed in Artificial Intelligence to facilitate knowledge sharing and reuse. Since the beginning of the nineties ontologies have become a popular research topic investigated by several Artificial Intelligence research communities, including Knowledge Engineering, natural-language processing and knowledge representation. More recently, the notion of ontology is also becoming widespread in fields such as intelligent information integration, cooperative information systems, information retrieval, electronic commerce, and knowledge management. The reason ontologies are becoming so popular is in large part due to what they promise: a shared and common understanding of some domain that can be communicated between people and application systems.",
isbn="978-3-662-04396-7",
doi="10.1007/978-3-662-04396-7_2",
url="https://doi.org/10.1007/978-3-662-04396-7_2"
}


